@String(PAMI = {IEEE Trans. Pattern Anal. Mach. Intell.})
@String(IJCV = {Int. J. Comput. Vis.})
@String(CVPR= {IEEE Conf. Comput. Vis. Pattern Recog.})
@String(ICCV= {Int. Conf. Comput. Vis.})
@String(ECCV= {Eur. Conf. Comput. Vis.})
@String(NIPS= {Adv. Neural Inform. Process. Syst.})
@String(ICPR = {Int. Conf. Pattern Recog.})
@String(BMVC= {Brit. Mach. Vis. Conf.})
@String(TOG= {ACM Trans. Graph.})
@String(TIP  = {IEEE Trans. Image Process.})
@String(TVCG  = {IEEE Trans. Vis. Comput. Graph.})
@String(TMM  = {IEEE Trans. Multimedia})
@String(ACMMM= {ACM Int. Conf. Multimedia})
@String(ICME = {Int. Conf. Multimedia and Expo})
@String(ICASSP=	{ICASSP})
@String(ICIP = {IEEE Int. Conf. Image Process.})
@String(ACCV  = {ACCV})
@String(ICLR = {Int. Conf. Learn. Represent.})
@String(IJCAI = {IJCAI})
@String(PR   = {Pattern Recognition})
@String(AAAI = {AAAI})
@String(CVPRW= {IEEE Conf. Comput. Vis. Pattern Recog. Worksh.})
@String(CSVT = {IEEE Trans. Circuit Syst. Video Technol.})

@String(SPL	= {IEEE Sign. Process. Letters})
@String(VR   = {Vis. Res.})
@String(JOV	 = {J. Vis.})
@String(TVC  = {The Vis. Comput.})
@String(JCST  = {J. Comput. Sci. Tech.})
@String(CGF  = {Comput. Graph. Forum})
@String(CVM = {Computational Visual Media})


@String(PAMI  = {IEEE TPAMI})
@String(IJCV  = {IJCV})
@String(CVPR  = {CVPR})
@String(ICCV  = {ICCV})
@String(ECCV  = {ECCV})
@String(NIPS  = {NeurIPS})
@String(ICPR  = {ICPR})
@String(BMVC  =	{BMVC})
@String(TOG   = {ACM TOG})
@String(TIP   = {IEEE TIP})
@String(TVCG  = {IEEE TVCG})
@String(TCSVT = {IEEE TCSVT})
@String(TMM   =	{IEEE TMM})
@String(ACMMM = {ACM MM})
@String(ICME  =	{ICME})
@String(ICASSP=	{ICASSP})
@String(ICIP  = {ICIP})
@String(ACCV  = {ACCV})
@String(ICLR  = {ICLR})
@String(IJCAI = {IJCAI})
@String(PR = {PR})
@String(AAAI = {AAAI})
@String(CVPRW= {CVPRW})
@String(CSVT = {IEEE TCSVT})



@misc{Authors14,
 author = {FirstName LastName},
 title = {The frobnicatable foo filter},
 note = {Face and Gesture submission ID 324. Supplied as supplemental material {\tt fg324.pdf}},
 year = 2014
}

@misc{Authors14b,
 author = {FirstName LastName},
 title = {Frobnication tutorial},
 note = {Supplied as supplemental material {\tt tr.pdf}},
 year = 2014
}

@article{Alpher02,
author = {FirstName Alpher},
title = {Frobnication},
journal = PAMI,
volume = 12,
number = 1,
pages = {234--778},
year = 2002
}

@article{Alpher03,
author = {FirstName Alpher and  FirstName Fotheringham-Smythe},
title = {Frobnication revisited},
journal = {Journal of Foo},
volume = 13,
number = 1,
pages = {234--778},
year = 2003
}

@article{Alpher04,
author = {FirstName Alpher and FirstName Fotheringham-Smythe and FirstName Gamow},
title = {Can a machine frobnicate?},
journal = {Journal of Foo},
volume = 14,
number = 1,
pages = {234--778},
year = 2004
}

@inproceedings{Alpher05,
author = {FirstName Alpher and FirstName Gamow},
title = {Can a computer frobnicate?},
booktitle = CVPR,
pages = {234--778},
year = 2005
}

@book{zhou2021machine,
  title={Machine learning},
  author={Zhou, Zhi-Hua},
  year={2021},
  publisher={Springer Nature}
}

@article{wu2022recent,
  title={Recent advances of deep learning for computational histopathology: principles and applications},
  author={Wu, Yawen and Cheng, Michael and Huang, Shuo and Pei, Zongxiang and Zuo, Yingli and Liu, Jianxin and Yang, Kai and Zhu, Qi and Zhang, Jie and Hong, Honghai and others},
  journal={Cancers},
  volume={14},
  number={5},
  pages={1199},
  year={2022},
  publisher={MDPI}
}
@article{xu2017deep,
  title={Deep learning for histopathological image analysis: Towards computerized diagnosis on cancers},
  author={Xu, Jun and Zhou, Chao and Lang, Bing and Liu, Qingshan},
  journal={Deep learning and convolutional neural networks for medical image computing: precision medicine, high performance and large-scale datasets},
  pages={73--95},
  year={2017},
  publisher={Springer}
}

@article{lee2021deep,
  title={Deep learning of histopathology images at the single cell level},
  author={Lee, Kyubum and Lockhart, John H and Xie, Mengyu and Chaudhary, Ritu and Slebos, Robbert JC and Flores, Elsa R and Chung, Christine H and Tan, Aik Choon},
  journal={Frontiers in artificial intelligence},
  volume={4},
  pages={754641},
  year={2021},
  publisher={Frontiers}
}

@article{banerji2022deep,
  title={Deep learning in histopathology: A review},
  author={Banerji, Sugata and Mitra, Sushmita},
  journal={Wiley Interdisciplinary Reviews: Data Mining and Knowledge Discovery},
  volume={12},
  number={1},
  pages={e1439},
  year={2022},
  publisher={Wiley Online Library}
}

@article{komura2018machine,
  title={Machine learning methods for histopathological image analysis},
  author={Komura, Daisuke and Ishikawa, Shumpei},
  journal={Computational and structural biotechnology journal},
  volume={16},
  pages={34--42},
  year={2018},
  publisher={Elsevier}
}

@article{abate2000molecular,
  title={Molecular genetics of prostate cancer},
  author={Abate-Shen, Cory and Shen, Michael M},
  journal={Genes \& development},
  volume={14},
  number={19},
  pages={2410--2434},
  year={2000},
  publisher={Cold Spring Harbor Lab}
}

@article{araghi2019global,
  title={Global trends in colorectal cancer mortality: projections to the year 2035},
  author={Araghi, Marzieh and Soerjomataram, Isabelle and Jenkins, Mark and Brierley, James and Morris, Eva and Bray, Freddie and Arnold, Melina},
  journal={International journal of cancer},
  volume={144},
  number={12},
  pages={2992--3000},
  year={2019},
  publisher={Wiley Online Library}
}

@article{gullickson2021colorectal,
  title={Colorectal cancer survival in sub-Saharan Africa by age, stage at diagnosis and Human Development Index: A population-based registry study},
  author={Gullickson, Cricket and Goodman, Michael and Joko-Fru, Yvonne W and Gnangnon, Freddy Hou{\'e}hanou Rodrigue and N'Da, Guy and Woldegeorgis, Mathewos Assefa and Buziba, Nathan Gyabi and Karugu, Caroline and Manraj, Shyam S and Lorenzoni, Cesaltina Ferreira and others},
  journal={International Journal of Cancer},
  volume={149},
  number={8},
  pages={1553--1563},
  year={2021},
  publisher={Wiley Online Library}
}

@article{katherorcid,
  title={ORCID: 0000-0002-9466-2018},
  author={Kather, JN and Krisam, J and Charoentong, P and Luedde, T and Herpel, E and Weis, CA and Gaiser, T and Marx, A and Valous, NA and Ferber, D and others},
  journal={Z{\"o}rnig, I., J{\"a}ger, D., Brenner, H., Chang-Claude, J., Hoffmeister, M. and Halama},
  number={2019}
}

@dataset{kather_2018_1214456,
  author       = {Kather, Jakob Nikolas and
                  Halama, Niels and
                  Marx, Alexander},
  title        = {{100,000 histological images of human colorectal 
                   cancer and healthy tissue}},
  month        = may,
  year         = 2018,
  publisher    = {Zenodo},
  version      = {v0.1},
}

@misc{tolkach_2021_4789576,
  author       = {Tolkach, Yuri},
  title        = {Datasets Digital Pathology and Artifacts, Part 1},
  month        = jun,
  year         = 2021,
  publisher    = {Zenodo},
  version      = {v1},
}



@article{schomig2021quality,
  title={Quality control stress test for deep learning-based diagnostic model in digital pathology},
  author={Sch{\"o}mig-Markiefka, Birgid and Pryalukhin, Alexey and Hulla, Wolfgang and Bychkov, Andrey and Fukuoka, Junya and Madabhushi, Anant and Achter, Viktor and Nieroda, Lech and B{\"u}ttner, Reinhard and Quaas, Alexander and others},
  journal={Modern Pathology},
  volume={34},
  number={12},
  pages={2098--2108},
  year={2021},
  publisher={Elsevier}
}

@inproceedings{choi2020starganv2,
title={StarGAN v2: Diverse Image Synthesis for Multiple Domains},
author={Yunjey Choi and Youngjung Uh and Jaejun Yoo and Jung-Woo Ha},
booktitle={Proceedings of the IEEE Conference on Computer Vision and Pattern Recognition},
year={2020}
}

@misc{Larxel_2020, title={Animal Faces}, url={https://www.kaggle.com/datasets/andrewmvd/animal-faces}, journal={Kaggle}, author={Larxel}, year={2020}, month={May}} 

@book{klette2014concise,
  title={Concise computer vision},
  author={Klette, Reinhard},
  volume={233},
  year={2014},
  publisher={Springer}
}

@article{bianco2018benchmark,
  title={Benchmark analysis of representative deep neural network architectures},
  author={Bianco, Simone and Cadene, Remi and Celona, Luigi and Napoletano, Paolo},
  journal={IEEE access},
  volume={6},
  pages={64270--64277},
  year={2018},
  publisher={IEEE}
}

@article{krizhevsky2012imagenet,
  title={Imagenet classification with deep convolutional neural networks},
  author={Krizhevsky, Alex and Sutskever, Ilya and Hinton, Geoffrey E},
  journal={Advances in neural information processing systems},
  volume={25},
  year={2012}
}